@article{Furnas:1987:VPH:32206.32212,
  author = {Furnas, G. W. and Landauer, T. K. and Gomez, L. M. and Dumais, S. T.},
  title = {The Vocabulary Problem in Human-system Communication},
  journal = {Communications of the ACM},
  issue_date = {Nov. 1987},
  volume = {30},
  number = {11},
  month = nov,
  year = {1987},
  issn = {0001-0782},
  pages = {964--971},
  numpages = {8},
  xxxurl = {http://doi.acm.org/10.1145/32206.32212},
  xxxdoi = {10.1145/32206.32212},
  acmid = {32212},
  xxxpublisher = {ACM},
  xxxaddress = {New York, NY, USA}
}

@inproceedings{Novick:2006:WDP:1166324.1166329,
 author = {Novick, David G. and Ward, Karen},
 title = {Why Don'T People Read the Manual?},
 booktitle = {Proceedings of the 24th Annual ACM International Conference on Design of Communication},
 series = {SIGDOC '06},
 year = {2006},
 isbn = {1-59593-523-1},
 location = {Myrtle Beach, SC, USA},
 pages = {11--18},
 numpages = {8},
 xxxurl = {http://doi.acm.org/10.1145/1166324.1166329},
 xxxdoi = {10.1145/1166324.1166329},
 acmid = {1166329},
 xxxpublisher =  {ACM},
 xxxaddress = {New York, NY, USA},
 keywords = {manuals, online help, problem-solving, usability},
}

@inproceedings{Little:2006:TKC:1166253.1166275,
 author = {Little, Greg and Miller, Robert C.},
 title = {Translating Keyword Commands into Executable Code},
 booktitle = {Proceedings of the 19th Annual ACM Symposium on User Interface Software and Technology},
 series = {UIST '06},
 year = {2006},
 isbn = {1-59593-313-1},
 location = {Montreux, Switzerland},
 pages = {135--144},
 numpages = {10},
 xxxurl = {http://doi.acm.org/10.1145/1166253.1166275},
 xxxdoi = {10.1145/1166253.1166275},
 acmid = {1166275},
 xxxpublisher =  {ACM},
 xxxaddress = {New York, NY, USA},
 keywords = {command languages, end-user programming, natural language processing, web automation},
} 

@inproceedings{Gvero:2015:SJE:2814270.2814295,
 author = {Gvero, Tihomir and Kuncak, Viktor},
 title = {Synthesizing Java Expressions from Free-form Queries},
 booktitle = {Proceedings of the 2015 ACM SIGPLAN International Conference on Object-Oriented Programming, Systems, Languages, and Applications},
 series = {OOPSLA 2015},
 year = {2015},
 isbn = {978-1-4503-3689-5},
 location = {Pittsburgh, PA, USA},
 pages = {416--432},
 numpages = {17},
 xxxurl = {http://doi.acm.org/10.1145/2814270.2814295},
 xxxdoi = {10.1145/2814270.2814295},
 acmid = {2814295},
 xxxpublisher =  {ACM},
 xxxaddress = {New York, NY, USA},
 keywords = {Autocompletion, Natural Language Processing, Program Repair, Program Synthesis},
}

@inproceedings{Omar:2012:ACC:2337223.2337324,
 author = {Omar, Cyrus and Yoon, YoungSeok and LaToza, Thomas D. and Myers, Brad A.},
 title = {Active Code Completion},
 booktitle = {Proceedings of the 34th International Conference on Software Engineering},
 series = {ICSE '12},
 year = {2012},
 isbn = {978-1-4673-1067-3},
 location = {Zurich, Switzerland},
 pages = {859--869},
 numpages = {11},
 xxxurl = {http://dl.acm.org/citation.cfm?id=2337223.2337324},
 acmid = {2337324},
 xxxpublisher =  {IEEE Press},
 xxxaddress = {Piscataway, NJ, USA},
} 

@inproceedings{Han:2009:CCA:1747491.1747530,
 author = {Han, Sangmok and Wallace, David R. and Miller, Robert C.},
 title = {Code Completion from Abbreviated Input},
 booktitle = {Proceedings of the 2009 IEEE/ACM International Conference on Automated Software Engineering},
 series = {ASE '09},
 year = {2009},
 isbn = {978-0-7695-3891-4},
 pages = {332--343},
 numpages = {12},
 xxxurl = {http://dx.doi.org/10.1109/ASE.2009.64},
 xxxdoi = {10.1109/ASE.2009.64},
 acmid = {1747530},
 xxxpublisher =  {IEEE Computer Society},
 xxxaddress = {Washington, DC, USA},
 keywords = {Code Completion, Hidden Markov Model, Abbreviation, Multiple Keywords, Code Assistants, Data Mining},
}

@inproceedings{Brandt:2010:EPI:1753326.1753402,
 author = {Brandt, Joel and Dontcheva, Mira and Weskamp, Marcos and Klemmer, Scott R.},
 title = {Example-centric Programming: Integrating Web Search into the Development Environment},
 booktitle = {Proceedings of the SIGCHI Conference on Human Factors in Computing Systems},
 series = {CHI '10},
 year = {2010},
 isbn = {978-1-60558-929-9},
 location = {Atlanta, Georgia, USA},
 pages = {513--522},
 numpages = {10},
 xxxurl = {http://doi.acm.org/10.1145/1753326.1753402},
 xxxdoi = {10.1145/1753326.1753402},
 acmid = {1753402},
 xxxpublisher =  {ACM},
 xxxaddress = {New York, NY, USA},
 keywords = {example-centric development},
} 

@inproceedings{Hartmann:2010:OPS:1753326.1753478,
 author = {Hartmann, Bj\"{o}rn and MacDougall, Daniel and Brandt, Joel and Klemmer, Scott R.},
 title = {What Would Other Programmers Do: Suggesting Solutions to Error Messages},
 booktitle = {Proceedings of the SIGCHI Conference on Human Factors in Computing Systems},
 series = {CHI '10},
 year = {2010},
 isbn = {978-1-60558-929-9},
 location = {Atlanta, Georgia, USA},
 pages = {1019--1028},
 numpages = {10},
 xxxurl = {http://doi.acm.org/10.1145/1753326.1753478},
 xxxdoi = {10.1145/1753326.1753478},
 acmid = {1753478},
 xxxpublisher =  {ACM},
 xxxaddress = {New York, NY, USA},
 keywords = {debugging, recommender systems},
} 

@article{ReactiveKeyboard,
author = {J. Darragh, John and Witten, Ian and L. James, Mark},
year = {1990},
month = {12},
pages = {41--49},
title = {The Reactive Keyboard: A Predictive Typing Aid},
volume = {23},
booktitle = {IEEE Computer}
}

@ARTICLE{ReactiveKeyboardxxx,
author={J. J. Darragh and I. H. Witten and M. L. James}, 
journal={IEEE Computer}, 
title={The Reactive Keyboard: a predictive typing aid}, 
year={1990}, 
volume={23}, 
number={11}, 
pages={41-49}, 
keywords={handicapped aids;keyboards;user interfaces;1 MB;Apple Macintosh computer;Macintosh mouse-and-window environment;computer system;free text;physically disabled people;predictive typing aid;typewritten communication;Acceleration;Books;Computer displays;Computer interfaces;Context modeling;Feeds;Keyboards;Operating systems;Physics computing;Predictive models}, 
doi={10.1109/2.60879}, 
ISSN={0018-9162}, 
month={Nov},
}

@article{Delisle:2002:UIH:606412.606415,
 author = {Delisle, Sylvain and Moulin, Bernard},
 title = {User interfaces and help systems: from helplessness to intelligent assistance},
 journal = {Artif. Intell. Rev.},
 volume = {18},
 issue = {2},
 month = {October},
 year = {2002},
 issn = {0269-2821},
 pages = {117--157},
 numpages = {41},
 xxurl = {http://portal.acm.org/citation.cfm?id=606412.606415},
 xxdoi = {10.1023/A:1015179704819},
 xxacmid = {606415},
 xxpublisher = {Kluwer Academic Publishers},
 xxaddress = {Norwell, MA, USA},
 keywords = {(intelligent)help and user assistance, (intelligent, graphical) user interface, human-computer interaction},
}

@article{Wu:1992:FTS:135239.135244,
 author = {Wu, Sun and Manber, Udi},
 title = {Fast text searching: allowing errors},
 journal = {Communications of the ACM},
 volume = {35},
 issue = {10},
 month = {October},
 year = {1992},
 issn = {0001-0782},
 pages = {83--91},
 numpages = {9},
 xxurl = {http://doi.acm.org/10.1145/135239.135244},
 xxdoi = {http://doi.acm.org/10.1145/135239.135244},
 xxacmid = {135244},
 xxpublisher = {ACM},
 xxaddress = {New York, NY, USA},
 keywords = {approximate string matching, information retrieval, pattern matching, software tools, string searching},
} 

@article{KMP,
 author = {Knuth, D. E. and Morris, J. H. and Pratt, V. R.},
 title = {Fast Pattern Matching in Strings},
 journal = {SIAM Journal of Computing},
 volume = {6},
 number = {2},
 month = {June},
 year = {1977},
 pages = {323--350},
} 

@article{Boyer:1977:FSS:359842.359859,
 author = {Boyer, Robert S. and Moore, J. Strother},
 title = {A fast string searching algorithm},
 journal = {Communications of the ACM},
 volume = {20},
 issue = {10},
 month = {October},
 year = {1977},
 issn = {0001-0782},
 pages = {762--772},
 numpages = {11},
 xxurl = {http://doi.acm.org/10.1145/359842.359859},
 xxdoi = {http://doi.acm.org/10.1145/359842.359859},
 xxacmid = {359859},
 xxpublisher = {ACM},
 xxaddress = {New York, NY, USA},
 keywords = {bibliographic search, computational complexity, information retrieval, linear time bound, pattern matching, text editing},
} 
